<record><leader>00000cas a22000007a 4500</leader><controlfield tag="001">14185767</controlfield><controlfield tag="008">860905d18951898pauwr ne      0    0eng d</controlfield><datafield ind1=" " ind2=" " tag="010"><subfield code="a">sn 86081764 </subfield></datafield><datafield ind1=" " ind2=" " tag="040"><subfield code="a">NPH</subfield><subfield code="b">eng</subfield><subfield code="c">NPH</subfield><subfield code="d">OCLCQ</subfield></datafield><datafield ind1=" " ind2=" " tag="042"><subfield code="a">msc</subfield></datafield><datafield ind1="0" ind2="0" tag="245"><subfield code="a">Albany weekly mirror.</subfield></datafield><datafield ind1=" " ind2=" " tag="260"><subfield code="a">New Albany, Pa. :</subfield><subfield code="b">L. Taylor</subfield></datafield><datafield ind1=" " ind2=" " tag="300"><subfield code="a">v. :</subfield><subfield code="b">ill. ;</subfield><subfield code="c">50-61 cm.</subfield></datafield><datafield ind1=" " ind2=" " tag="310"><subfield code="a">Weekly</subfield></datafield><datafield ind1="1" ind2=" " tag="362"><subfield code="a">Began with Jan. 28, 1895 issue.</subfield><subfield code="z">Cf. Heverly, C.F. Hist. and geography of Bradford Co., Pa. 1615-1924.</subfield></datafield><datafield ind1="1" ind2=" " tag="362"><subfield code="a">Ceased in 1898?</subfield></datafield><datafield ind1=" " ind2=" " tag="500"><subfield code="a">Published every Wednesday.</subfield></datafield><datafield ind1=" " ind2=" " tag="588"><subfield code="a">Description based on: Vol. 1, no. 2 (Jan. 30, 1895).</subfield></datafield><datafield ind1=" " ind2=" " tag="752"><subfield code="a">United States</subfield><subfield code="b">Pennsylvania</subfield><subfield code="c">Bradford</subfield><subfield code="d">New Albany.</subfield></datafield><datafield ind1="0" ind2="0" tag="785"><subfield code="t">Albany mirror (New Albany, Pa.)</subfield><subfield code="w">(DLC)sn 86081763</subfield></datafield></record>